00100000         222563410000183I74      001411019  0067990000027267110 MARLI E BENJAMIN ADVOCACIA ME BANCO DO BRASIL S.A.                    12411202218103500064703000000                                                      000            
00100011R0100020 2022563410000183I74      001411019  0067990000027267110 MARLI E BENJAMIN ADVOCACIA ME                                                                                 000006472411202200000000                                 
0010001300001P 010067990000027267110 000000000000000000001121159723666-D     1412202200000000017937100000002N0211202230000000000000000000000000000000000000000000000000000000000000056351000000000059723666-D               2082000091105441830 
0010001300002Q 012034452404000138ANTONIO E VERA INFORMATICA ME           RUA ARACATUBA, 282                      ENGENHEIRO TAVE16087027ARACATUBA      SP0000000000000000                                        00000000000000000000000        
0010001300003P 020067990000027267110 000000000000000000001121126063121-K     1212202200000000091256300000002N2311202230000000000000000000000000000000000000000000000000000000000000000000000000000026063121-K               0002000091105441830 
0010001300004Q 022025844688000117MARIA E ELISA PUBLICIDADE E PROPAGANDA MPRACA DAS MAES, 556                     JARDIM CALIFORN14026189RIBEIRAO PRETO SP0000000000000000                                        00000000000000000000000        
0010001300005P 010067990000027267110 000000000000000000001121178140767-M     2912202200000000006180400000002N1011202200000000000000000370000000000000000000000000000000000000000000000000000000000078140767-M               0002000091105441830 
0010001300006Q 011080939126907   MANUEL VICENTE MARTIN MENDES            RUA BOM JESUS, 126                      JERUSALEM      69553015TEFE           AM0000000000000000                                        00000000000000000000000        
0010001300007P 060067990000027267110 000000000000000000001121177034367-D     0712202200000000005970000000002N0111202230000000000000000000000000000000000000000000000000000000000000000000000000000077034367-D               2072000091105441830 
0010001300008Q 062002268881000151THOMAS E JAQUELINE FINANCEIRA LTDA      RUA ACHILLES FORNAZARI FILHO            JARDIM COSTA E 11500460CUBATAO        SP0000000000000000                                        00000000000000000000000        
0010001300009P 010067990000027267110 000000000000000000001121147836027-I     3112202200000000002072500000002N1411202230000000000000000000000000000000000000000000000000000000000000000000000000000047836027-I               2062000091105441830 
0010001300010Q 012096399689000148EMILY E IAN CASA NOTURNA ME             RUA MARIA PEREZ, 850                    VILA SONIA     11722030PRAIA GRANDE   SP0000000000000000                                        00000000000000000000000        
0010001300011P 010067990000027267110 000000000000000000001121154439029-G     0912202200000000038649700000002N1111202200000000000000000139000000000000000000000000000000000000000000061463000000000054439029-G               0002000091105441830 
0010001300012Q 011096792709395   PATRICIA MARIANE DA MATA                AVENIDA BRUNO JUAREZ, 926               DO BOM REMEDIO 68180658ITAITUBA       PA0000000000000000                                        00000000000000000000000        
0010001300013P 040067990000027267110 000000000000000000001121160099849-O     2012202200000000011144500000002N0511202230000000000000000000000000000000000000000000000000000000000000032664000000000060099849-O               0002000091105441830 
0010001300014Q 042035435312000102CARLA E ANDREIA ENTREGAS EXPRESSAS LTDA RUA SIRANUCH VARTANIAN, 274             JAGUARIBE      06050180OSASCO         SP0000000000000000                                        00000000000000000000000        
0010001300015P 010067990000027267110 000000000000000000001121172322780-I     2412202200000000004037300000002N2111202200000000000000000204000000000000000000000000000000000000000000000000000000000072322780-I               2042000091105441830 
0010001300016Q 012076274739000153JAQUELINE E CAUE MARCENARIA ME          AVENIDA LUIZ DOMPIERI, 755              PARQUE SAO JORG14405173FRANCA         SP0000000000000000                                        00000000000000000000000        
0010001300017P 010067990000027267110 000000000000000000001121160725288-Z     0512202200000000099345100000002N1311202230000000000000000000000000000000000000000000000000000000000000000000000000000060725288-Z               2052000091105441830 
0010001300018Q 011008562150746   LUAN BERNARDO DUARTE                    RUA DA COMPREENSAO, 212                 PASSARINHO     52165440RECIFE         PE0000000000000000                                        00000000000000000000000        
00100015         00002000000000000000000000000000000000000000000000000000000000000000000000000000000000000000000000                                                                                                                             
00199999         000001000000                                                                                                                                                                                                                   
