00100000         222563410000183I74      001411019  0067990000027267110 Marli e Benjamin Advocacia ME BANCO DO BRASIL S.A.                    12411202200000000064703000000                                                      000            
00100011R0100020 2022563410000183I74      001411019  0067990000027267110 Marli e Benjamin Advocacia ME                                                                                 000006472411202200000000                                 
0010001300001P 010067990000027267110 000000000000000000001121159723666-D     1412202200000000017937100000002N0211202230000000000000000000000000000000000000000000000000000000000000056351000000000059723666-D               2082000091105441830 
0010001300002Q 012034452404000138Antonio e Vera Informática ME           Rua Araçatuba, 282                      Engenheiro Tave16087027Araçatuba      SP0000000000000000                                        00000000000000000000000        
0010001300003P 020067990000027267110 000000000000000000001121126063121-K     1212202200000000091256300000002N2311202230000000000000000000000000000000000000000000000000000000000000000000000000000026063121-K               0002000091105441830 
0010001300004Q 022025844688000117Maria e Elisa Publicidade e Propaganda MPraça das Mães, 556                     Jardim Califórn14026189Ribeirão Preto SP0000000000000000                                        00000000000000000000000        
0010001300005P 010067990000027267110 000000000000000000001121178140767-M     2912202200000000006180400000002N1011202200000000000000000370000000000000000000000000000000000000000000000000000000000078140767-M               0002000091105441830 
0010001300006Q 011080939126907   Manuel Vicente Martin Mendes            Rua Bom Jesus, 126                      Jerusalém      69553015Tefé           AM0000000000000000                                        00000000000000000000000        
0010001300007P 060067990000027267110 000000000000000000001121177034367-D     0712202200000000005970000000002N0111202230000000000000000000000000000000000000000000000000000000000000000000000000000077034367-D               2072000091105441830 
0010001300008Q 062002268881000151Thomas e Jaqueline Financeira Ltda      Rua Achilles Fornazari Filho            Jardim Costa e 11500460Cubatão        SP0000000000000000                                        00000000000000000000000        
0010001300009P 010067990000027267110 000000000000000000001121147836027-I     3112202200000000002072500000002N1411202230000000000000000000000000000000000000000000000000000000000000000000000000000047836027-I               2062000091105441830 
0010001300010Q 012096399689000148Emily e Ian Casa Noturna ME             Rua Maria Perez, 850                    Vila Sônia     11722030Praia Grande   SP0000000000000000                                        00000000000000000000000        
0010001300011P 010067990000027267110 000000000000000000001121154439029-G     0912202200000000038649700000002N1111202200000000000000000139000000000000000000000000000000000000000000061463000000000054439029-G               0002000091105441830 
0010001300012Q 011096792709395   Patrícia Mariane da Mata                Avenida Bruno Juarez, 926               Do Bom Remédio 68180658Itaituba       PA0000000000000000                                        00000000000000000000000        
0010001300013P 040067990000027267110 000000000000000000001121160099849-O     2012202200000000011144500000002N0511202230000000000000000000000000000000000000000000000000000000000000032664000000000060099849-O               0002000091105441830 
0010001300014Q 042035435312000102Carla e Andreia Entregas Expressas Ltda Rua Siranuch Vartanian, 274             Jaguaribe      06050180Osasco         SP0000000000000000                                        00000000000000000000000        
0010001300015P 010067990000027267110 000000000000000000001121172322780-I     2412202200000000004037300000002N2111202200000000000000000204000000000000000000000000000000000000000000000000000000000072322780-I               2042000091105441830 
0010001300016Q 012076274739000153Jaqueline e Cauê Marcenaria ME          Avenida Luiz Dompieri, 755              Parque São Jorg14405173Franca         SP0000000000000000                                        00000000000000000000000        
0010001300017P 010067990000027267110 000000000000000000001121160725288-Z     0512202200000000099345100000002N1311202230000000000000000000000000000000000000000000000000000000000000000000000000000060725288-Z               2052000091105441830 
0010001300018Q 011008562150746   Luan Bernardo Duarte                    Rua da Compreensão, 212                 Passarinho     52165440Recife         PE0000000000000000                                        00000000000000000000000        
00100015         00002000000000000000000000000000000000000000000000000000000000000000000000000000000000000000000000                                                                                                                             
00199999         000001000000                                                                                                                                                                                                                   
