01REMESSA01COBRANCA       49801110533315798292Marli e Benjamin Advocacia ME 237BRADESCO       241122        MX0000647                                                                                                                                                                                                                                                                                     000001
100000 000000000000 00096799 2726711059723666-D               0000000000000000000000000000001               0159723666-D14122200000001793710000000001N021122000000000000000000000000000000000000000000000000000000000563510234452404000138Antonio e Vera Informática ME           Rua Araçatuba, 282                                  16087027                                                            000002
100000 000000000000 00096799 2726711026063121-K               0000000000000000000000000000001               0226063121-K12122200000009125630000000001N231122000000000000000000000000000000000000000000000000000000000000000225844688000117Maria e Elisa Publicidade e Propaganda MPraça das Mães, 556                                 14026189                                                            000003
100000 000000000000 00096799 2726711078140767-M               0000000000000000000000000000001               0178140767-M29122200000000618040000000001N101122000000000000003700000000000000000000000000000000000000000000000180939126907   Manuel Vicente Martin Mendes            Rua Bom Jesus, 126                                  69553015                                                            000004
100000 000000000000 00096799 2726711077034367-D               0000000000000000000000000000001               0677034367-D07122200000000597000000000001N011122000000000000000000000000000000000000000000000000000000000000000202268881000151Thomas e Jaqueline Financeira Ltda      Rua Achilles Fornazari Filho                        11500460                                                            000005
100000 000000000000 00096799 2726711047836027-I               0000000000000000000000000000001               0147836027-I31122200000000207250000000001N141122000000000000000000000000000000000000000000000000000000000000000296399689000148Emily e Ian Casa Noturna ME             Rua Maria Perez, 850                                11722030                                                            000006
100000 000000000000 00096799 2726711054439029-G               0000000000000000000000000000001               0154439029-G09122200000003864970000000001N111122000000000000001390000000000000000000000000000000000000000614630196792709395   Patrícia Mariane da Mata                Avenida Bruno Juarez, 926                           68180658                                                            000007
100000 000000000000 00096799 2726711060099849-O               0000000000000000000000000000001               0460099849-O20122200000001114450000000001N051122000000000000000000000000000000000000000000000000000000000326640235435312000102Carla e Andreia Entregas Expressas Ltda Rua Siranuch Vartanian, 274                         06050180                                                            000008
100000 000000000000 00096799 2726711072322780-I               0000000000000000000000000000001               0172322780-I24122200000000403730000000001N211122000000000000002040000000000000000000000000000000000000000000000276274739000153Jaqueline e Cauê Marcenaria ME          Avenida Luiz Dompieri, 755                          14405173                                                            000009
100000 000000000000 00096799 2726711060725288-Z               0000000000000000000000000000001               0160725288-Z05122200000009934510000000001N131122000000000000000000000000000000000000000000000000000000000000000108562150746   Luan Bernardo Duarte                    Rua da Compreensão, 212                             52165440                                                            000010
9                                                                                                                                                                                                                                                                                                                                                                                                         000011
