01REMESSA01COBRANCA       1105441830          MARLI E BENJAMIN ADVOCACIA ME 104C ECON FEDERAL 241122                                                                                                                                                                                                                                                                                                 00647000001
102225634100001831105441830110059723666-D               00000000000000000                                 010159723666-D14122200000001793711040000001N021122010000000000000000000000000000000000000000000000000000000563510234452404000138ANTONIO E VERA INFORMATICA ME           RUA ARACATUBA, 282                      ENGENHEIRO T16087027ARACATUBA      SP0000000000000000                      00081000002
202225634100001831105441830                             00000000000000000                                 0101                             104                                                                                                                                                                                                                                                            000003
102225634100001831105441830110026063121-K               00000000000000000                                 010126063121-K12122200000009125631040000001N231122020000000000000000000000000000000000000000000000000000000000000225844688000117MARIA E ELISA PUBLICIDADE E PROPAGANDA MPRACA DAS MAES, 556                     JARDIM CALIF14026189RIBEIRAO PRETO SP0000000000000000                      00001000004
202225634100001831105441830                             00000000000000000                                 0101                             104                                                                                                                                                                                                                                                            000005
102225634100001831105441830110078140767-M               00000000000000000                                 010178140767-M29122200000000618041040000001N101122010000000000003700000000000000000000000000000000000000000000000180939126907   MANUEL VICENTE MARTIN MENDES            RUA BOM JESUS, 126                      JERUSALEM   69553015TEFE           AM0000000000000000                      00001000006
202225634100001831105441830                             00000000000000000                                 0101                             104                                                                                                                                                                                                                                                            000007
102225634100001831105441830110077034367-D               00000000000000000                                 010177034367-D07122200000000597001040000001N011122050000000000000000000000000000000000000000000000000000000000000202268881000151THOMAS E JAQUELINE FINANCEIRA LTDA      RUA ACHILLES FORNAZARI FILHO            JARDIM COSTA11500460CUBATAO        SP0000000000000000                      00071000008
202225634100001831105441830                             00000000000000000                                 0101                             104                                                                                                                                                                                                                                                            000009
102225634100001831105441830110047836027-I               00000000000000000                                 010147836027-I31122200000000207251040000001N141122010000000000000000000000000000000000000000000000000000000000000296399689000148EMILY E IAN CASA NOTURNA ME             RUA MARIA PEREZ, 850                    VILA SONIA  11722030PRAIA GRANDE   SP0000000000000000                      00061000010
202225634100001831105441830                             00000000000000000                                 0101                             104                                                                                                                                                                                                                                                            000011
102225634100001831105441830110054439029-G               00000000000000000                                 010154439029-G09122200000003864971040000001N111122010000000000001390000000000000000000000000000000000000000614630196792709395   PATRICIA MARIANE DA MATA                AVENIDA BRUNO JUAREZ, 926               DO BOM REMED68180658ITAITUBA       PA0000000000000000                      00001000012
202225634100001831105441830                             00000000000000000                                 0101                             104                                                                                                                                                                                                                                                            000013
102225634100001831105441830110060099849-O               00000000000000000                                 010160099849-O20122200000001114451040000001N051122030000000000000000000000000000000000000000000000000000000326640235435312000102CARLA E ANDREIA ENTREGAS EXPRESSAS LTDA RUA SIRANUCH VARTANIAN, 274             JAGUARIBE   06050180OSASCO         SP0000000000000000                      00001000014
202225634100001831105441830                             00000000000000000                                 0101                             104                                                                                                                                                                                                                                                            000015
102225634100001831105441830110072322780-I               00000000000000000                                 010172322780-I24122200000000403731040000001N211122010000000000002040000000000000000000000000000000000000000000000276274739000153JAQUELINE E CAUE MARCENARIA ME          AVENIDA LUIZ DOMPIERI, 755              PARQUE SAO J14405173FRANCA         SP0000000000000000                      00041000016
202225634100001831105441830                             00000000000000000                                 0101                             104                                                                                                                                                                                                                                                            000017
102225634100001831105441830110060725288-Z               00000000000000000                                 010160725288-Z05122200000009934511040000001N131122010000000000000000000000000000000000000000000000000000000000000108562150746   LUAN BERNARDO DUARTE                    RUA DA COMPREENSAO, 212                 PASSARINHO  52165440RECIFE         PE0000000000000000                      00051000018
202225634100001831105441830                             00000000000000000                                 0101                             104                                                                                                                                                                                                                                                            000019
9                                                                                                                                                                                                                                                                                                                                                                                                         000020
