01REMESSA01COBRANCA       1105441830          Marli e Benjamin Advocacia ME 104C ECON FEDERAL 241122                                                                                                                                                                                                                                                                                                 00647000001
102225634100001831105441830110059723666-D               00000000000000000                                 010159723666-D14122200000001793711040000001N021122010000000000000000000000000000000000000000000000000000000563510234452404000138Antonio e Vera Informática ME           Rua Araçatuba, 282                      Engenheiro T16087027Araçatuba      SP0000000000000000                      00081000002
202225634100001831105441830                             00000000000000000                                 0101                             104                                                                                                                                                                                                                                                            000003
102225634100001831105441830110026063121-K               00000000000000000                                 010126063121-K12122200000009125631040000001N231122020000000000000000000000000000000000000000000000000000000000000225844688000117Maria e Elisa Publicidade e Propaganda MPraça das Mães, 556                     Jardim Calif14026189Ribeirão Preto SP0000000000000000                      00001000004
202225634100001831105441830                             00000000000000000                                 0101                             104                                                                                                                                                                                                                                                            000005
102225634100001831105441830110078140767-M               00000000000000000                                 010178140767-M29122200000000618041040000001N101122010000000000003700000000000000000000000000000000000000000000000180939126907   Manuel Vicente Martin Mendes            Rua Bom Jesus, 126                      Jerusalém   69553015Tefé           AM0000000000000000                      00001000006
202225634100001831105441830                             00000000000000000                                 0101                             104                                                                                                                                                                                                                                                            000007
102225634100001831105441830110077034367-D               00000000000000000                                 010177034367-D07122200000000597001040000001N011122050000000000000000000000000000000000000000000000000000000000000202268881000151Thomas e Jaqueline Financeira Ltda      Rua Achilles Fornazari Filho            Jardim Costa11500460Cubatão        SP0000000000000000                      00071000008
202225634100001831105441830                             00000000000000000                                 0101                             104                                                                                                                                                                                                                                                            000009
102225634100001831105441830110047836027-I               00000000000000000                                 010147836027-I31122200000000207251040000001N141122010000000000000000000000000000000000000000000000000000000000000296399689000148Emily e Ian Casa Noturna ME             Rua Maria Perez, 850                    Vila Sônia  11722030Praia Grande   SP0000000000000000                      00061000010
202225634100001831105441830                             00000000000000000                                 0101                             104                                                                                                                                                                                                                                                            000011
102225634100001831105441830110054439029-G               00000000000000000                                 010154439029-G09122200000003864971040000001N111122010000000000001390000000000000000000000000000000000000000614630196792709395   Patrícia Mariane da Mata                Avenida Bruno Juarez, 926               Do Bom Reméd68180658Itaituba       PA0000000000000000                      00001000012
202225634100001831105441830                             00000000000000000                                 0101                             104                                                                                                                                                                                                                                                            000013
102225634100001831105441830110060099849-O               00000000000000000                                 010160099849-O20122200000001114451040000001N051122030000000000000000000000000000000000000000000000000000000326640235435312000102Carla e Andreia Entregas Expressas Ltda Rua Siranuch Vartanian, 274             Jaguaribe   06050180Osasco         SP0000000000000000                      00001000014
202225634100001831105441830                             00000000000000000                                 0101                             104                                                                                                                                                                                                                                                            000015
102225634100001831105441830110072322780-I               00000000000000000                                 010172322780-I24122200000000403731040000001N211122010000000000002040000000000000000000000000000000000000000000000276274739000153Jaqueline e Cauê Marcenaria ME          Avenida Luiz Dompieri, 755              Parque São J14405173Franca         SP0000000000000000                      00041000016
202225634100001831105441830                             00000000000000000                                 0101                             104                                                                                                                                                                                                                                                            000017
102225634100001831105441830110060725288-Z               00000000000000000                                 010160725288-Z05122200000009934511040000001N131122010000000000000000000000000000000000000000000000000000000000000108562150746   Luan Bernardo Duarte                    Rua da Compreensão, 212                 Passarinho  52165440Recife         PE0000000000000000                      00051000018
202225634100001831105441830                             00000000000000000                                 0101                             104                                                                                                                                                                                                                                                            000019
9                                                                                                                                                                                                                                                                                                                                                                                                         000020
