01REMESSA01COBRANCA       49801110533315798292Marli e Benjamin Advocacia ME 707BANCO DAYCOVAL 241122                                                                                                                                                                                                                                                                                                      000001
1022256341000018349801110533315798292                         00000000                                     10159723666-D14122200000001793717070679901N021122000000000000000000000000000000000000000000000000000000000563510234452404000138Antonio e Vera Informática ME           Rua Araçatuba, 282                      Engenheiro T16087027Araçatuba      SPMarli e Benjamin Advocacia ME           080000002
413021          00000003587420211202253355566660797704833593209975130217575382430                                                                                                                                                                                                                                                                                                                         000003
1022256341000018349801110533315798292                         00000000                                     10226063121-K12122200000009125637070679901N231122000000000000000000000000000000000000000000000000000000000000000225844688000117Maria e Elisa Publicidade e Pr          Praça das Mães, 556                     Jardim Calif14026189Ribeirão Preto SPMarli e Benjamin Advocacia ME           000000004
429719          00000009125632311202274683324161954333472634247762297190687983656                                                                                                                                                                                                                                                                                                                         000005
1022256341000018349801110533315798292                         00000000                                     10178140767-M29122200000000618047070679901N101122000000000000003700000000000000000000000000000000000000000000000180939126907   Manuel Vicente Martin Mendes            Rua Bom Jesus, 126                      Jerusalém   69553015Tefé           AMMarli e Benjamin Advocacia ME           000000006
420308          00000000618041011202261728534299782503882711819078203086717886953                                                                                                                                                                                                                                                                                                                         000007
1022256341000018349801110533315798292                         00000000                                     10677034367-D07122200000000597007070679901N011122000000000000000000000000000000000000000000000000000000000000000202268881000151Thomas e Jaqueline Financeira           Rua Achilles Fornazari Filho            Jardim Costa11500460Cubatão        SPMarli e Benjamin Advocacia ME           070000008
440000          00000001791000111202228421968849723329776140257802400001776740441                                                                                                                                                                                                                                                                                                                         000009
1022256341000018349801110533315798292                         00000000                                     10147836027-I31122200000000207257070679901N141122000000000000000000000000000000000000000000000000000000000000000296399689000148Emily e Ian Casa Noturna ME             Rua Maria Perez, 850                    Vila Sônia  11722030Praia Grande   SPMarli e Benjamin Advocacia ME           060000010
408923          00000001036251411202287552919458176904597374337598089239155709344                                                                                                                                                                                                                                                                                                                         000011
1022256341000018349801110533315798292                         00000000                                     10154439029-G09122200000003864977070679901N111122000000000000001390000000000000000000000000000000000000000614630196792709395   Patrícia Mariane da Mata                Avenida Bruno Juarez, 926               Do Bom Reméd68180658Itaituba       PAMarli e Benjamin Advocacia ME           000000012
450253          00000003864971111202272608735478940792354643930913502539780506943                                                                                                                                                                                                                                                                                                                         000013
1022256341000018349801110533315798292                         00000000                                     10460099849-O20122200000001114457070679901N051122000000000000000000000000000000000000000000000000000000000326640235435312000102Carla e Andreia Entregas Expre          Rua Siranuch Vartanian, 274             Jaguaribe   06050180Osasco         SPMarli e Benjamin Advocacia ME           000000014
449752          00000002228900511202286651712820410365695131584274497522725320872                                                                                                                                                                                                                                                                                                                         000015
1022256341000018349801110533315798292                         00000000                                     10172322780-I24122200000000403737070679901N211122000000000000002040000000000000000000000000000000000000000000000276274739000153Jaqueline e Cauê Marcenaria ME          Avenida Luiz Dompieri, 755              Parque São J14405173Franca         SPMarli e Benjamin Advocacia ME           040000016
419402          00000001211192111202215406942749703612879832253322194021171927463                                                                                                                                                                                                                                                                                                                         000017
1022256341000018349801110533315798292                         00000000                                     10160725288-Z05122200000009934517070679901N131122000000000000000000000000000000000000000000000000000000000000000108562150746   Luan Bernardo Duarte                    Rua da Compreensão, 212                 Passarinho  52165440Recife         PEMarli e Benjamin Advocacia ME           050000018
469777          00000009934511311202208971246335653628849754585631697774364343582                                                                                                                                                                                                                                                                                                                         000019
9                                                                                                                                                                                                                                                                                                                                                                                                         000020
