01REMESSA01COBRANCA       679927267110        Marli e Benjamin Advocacia ME 341BANCO ITAU SA  241122                                                                                                                                                                                                                                                                                                      000001
10222563410000183679927267110                                 000000000000000000000112                     I0159723666-D14122200000001793713410000001N021122000000000000000000000000000000000000000000000000000000000563510234452404000138Antonio e Vera Informática ME           Rua Araçatuba, 282                      Engenheiro T16087027Araçatuba      SPMarli e Benjamin Advocacia ME     14122200 000002
10222563410000183679927267110                                 000000000000000000000112                     I0226063121-K12122200000009125633410000001N231122000000000000000000000000000000000000000000000000000000000000000225844688000117Maria e Elisa Publicidade e Propaganda MPraça das Mães, 556                     Jardim Calif14026189Ribeirão Preto SPMarli e Benjamin Advocacia ME     12122200 000003
10222563410000183679927267110                                 000000000000000000000112                     I0178140767-M29122200000000618043410000001N101122000000000000003700000000000000000000000000000000000000000000000180939126907   Manuel Vicente Martin Mendes            Rua Bom Jesus, 126                      Jerusalém   69553015Tefé           AMMarli e Benjamin Advocacia ME     29122200 000004
10222563410000183679927267110                                 000000000000000000000112                     I0677034367-D07122200000000597003410000001N011122000000000000000000000000000000000000000000000000000000000000000202268881000151Thomas e Jaqueline Financeira Ltda      Rua Achilles Fornazari Filho            Jardim Costa11500460Cubatão        SPMarli e Benjamin Advocacia ME     07122200 000005
10222563410000183679927267110                                 000000000000000000000112                     I0147836027-I31122200000000207253410000001N141122000000000000000000000000000000000000000000000000000000000000000296399689000148Emily e Ian Casa Noturna ME             Rua Maria Perez, 850                    Vila Sônia  11722030Praia Grande   SPMarli e Benjamin Advocacia ME     31122200 000006
10222563410000183679927267110                                 000000000000000000000112                     I0154439029-G09122200000003864973410000001N111122000000000000001390000000000000000000000000000000000000000614630196792709395   Patrícia Mariane da Mata                Avenida Bruno Juarez, 926               Do Bom Reméd68180658Itaituba       PAMarli e Benjamin Advocacia ME     09122200 000007
10222563410000183679927267110                                 000000000000000000000112                     I0460099849-O20122200000001114453410000001N051122000000000000000000000000000000000000000000000000000000000326640235435312000102Carla e Andreia Entregas Expressas Ltda Rua Siranuch Vartanian, 274             Jaguaribe   06050180Osasco         SPMarli e Benjamin Advocacia ME     20122200 000008
10222563410000183679927267110                                 000000000000000000000112                     I0172322780-I24122200000000403733410000001N211122000000000000002040000000000000000000000000000000000000000000000276274739000153Jaqueline e Cauê Marcenaria ME          Avenida Luiz Dompieri, 755              Parque São J14405173Franca         SPMarli e Benjamin Advocacia ME     24122200 000009
10222563410000183679927267110                                 000000000000000000000112                     I0160725288-Z05122200000009934513410000001N131122000000000000000000000000000000000000000000000000000000000000000108562150746   Luan Bernardo Duarte                    Rua da Compreensão, 212                 Passarinho  52165440Recife         PEMarli e Benjamin Advocacia ME     05122200 000010
9                                                                                                                                                                                                                                                                                                                                                                                                         000011
