01REMESSA01COBRANCA       679927267110        MARLI E BENJAMIN ADVOCACIA ME 341BANCO ITAU SA  241122                                                                                                                                                                                                                                                                                                      000001
10222563410000183679927267110                                 000000000000000000000112                     I0159723666-D14122200000001793713410000001N021122000000000000000000000000000000000000000000000000000000000563510234452404000138ANTONIO E VERA INFORMATICA ME           RUA ARACATUBA, 282                      ENGENHEIRO T16087027ARACATUBA      SPMARLI E BENJAMIN ADVOCACIA ME     14122200 000002
10222563410000183679927267110                                 000000000000000000000112                     I0226063121-K12122200000009125633410000001N231122000000000000000000000000000000000000000000000000000000000000000225844688000117MARIA E ELISA PUBLICIDADE E PROPAGANDA MPRACA DAS MAES, 556                     JARDIM CALIF14026189RIBEIRAO PRETO SPMARLI E BENJAMIN ADVOCACIA ME     12122200 000003
10222563410000183679927267110                                 000000000000000000000112                     I0178140767-M29122200000000618043410000001N101122000000000000003700000000000000000000000000000000000000000000000180939126907   MANUEL VICENTE MARTIN MENDES            RUA BOM JESUS, 126                      JERUSALEM   69553015TEFE           AMMARLI E BENJAMIN ADVOCACIA ME     29122200 000004
10222563410000183679927267110                                 000000000000000000000112                     I0677034367-D07122200000000597003410000001N011122000000000000000000000000000000000000000000000000000000000000000202268881000151THOMAS E JAQUELINE FINANCEIRA LTDA      RUA ACHILLES FORNAZARI FILHO            JARDIM COSTA11500460CUBATAO        SPMARLI E BENJAMIN ADVOCACIA ME     07122200 000005
10222563410000183679927267110                                 000000000000000000000112                     I0147836027-I31122200000000207253410000001N141122000000000000000000000000000000000000000000000000000000000000000296399689000148EMILY E IAN CASA NOTURNA ME             RUA MARIA PEREZ, 850                    VILA SONIA  11722030PRAIA GRANDE   SPMARLI E BENJAMIN ADVOCACIA ME     31122200 000006
10222563410000183679927267110                                 000000000000000000000112                     I0154439029-G09122200000003864973410000001N111122000000000000001390000000000000000000000000000000000000000614630196792709395   PATRICIA MARIANE DA MATA                AVENIDA BRUNO JUAREZ, 926               DO BOM REMED68180658ITAITUBA       PAMARLI E BENJAMIN ADVOCACIA ME     09122200 000007
10222563410000183679927267110                                 000000000000000000000112                     I0460099849-O20122200000001114453410000001N051122000000000000000000000000000000000000000000000000000000000326640235435312000102CARLA E ANDREIA ENTREGAS EXPRESSAS LTDA RUA SIRANUCH VARTANIAN, 274             JAGUARIBE   06050180OSASCO         SPMARLI E BENJAMIN ADVOCACIA ME     20122200 000008
10222563410000183679927267110                                 000000000000000000000112                     I0172322780-I24122200000000403733410000001N211122000000000000002040000000000000000000000000000000000000000000000276274739000153JAQUELINE E CAUE MARCENARIA ME          AVENIDA LUIZ DOMPIERI, 755              PARQUE SAO J14405173FRANCA         SPMARLI E BENJAMIN ADVOCACIA ME     24122200 000009
10222563410000183679927267110                                 000000000000000000000112                     I0160725288-Z05122200000009934513410000001N131122000000000000000000000000000000000000000000000000000000000000000108562150746   LUAN BERNARDO DUARTE                    RUA DA COMPREENSAO, 212                 PASSARINHO  52165440RECIFE         PEMARLI E BENJAMIN ADVOCACIA ME     05122200 000010
9                                                                                                                                                                                                                                                                                                                                                                                                         000011
