01REMESSA01COBRANCA       49801110533315798292MARLI E BENJAMIN ADVOCACIA ME 033SANTANDER      2411220000000000000000                                                                                                                                                                                                                                                                                   000000647
1022256341000018349801110533315798292                         00000000000000 00000000000000000000    00000010159723666-D14122200000001793710330679901N021122000000000000000000000000000000000000000000000000000000000563510234452404000138ANTONIO E VERA INFORMATICA ME           RUA ARACATUBA, 282                      ENGENHEIRO T16087027ARACATUBA      SP                               I74      00 000000
1022256341000018349801110533315798292                         00000000000000 00000000000000000000    00000010226063121-K12122200000009125630330679901N231122000000000000000000000000000000000000000000000000000000000000000225844688000117MARIA E ELISA PUBLICIDADE E PROPAGANDA MPRACA DAS MAES, 556                     JARDIM CALIF14026189RIBEIRAO PRETO SP                               I74      00 000000
1022256341000018349801110533315798292                         00000000000000 00000000000000000000    00000010178140767-M29122200000000618040330679901N101122000000000000003700000000000000000000000000000000000000000000000180939126907   MANUEL VICENTE MARTIN MENDES            RUA BOM JESUS, 126                      JERUSALEM   69553015TEFE           AM                               I74      00 000000
1022256341000018349801110533315798292                         00000000000000 00000000000000000000    00000010677034367-D07122200000000597000330679901N011122000000000000000000000000000000000000000000000000000000000000000202268881000151THOMAS E JAQUELINE FINANCEIRA LTDA      RUA ACHILLES FORNAZARI FILHO            JARDIM COSTA11500460CUBATAO        SP                               I74      00 000000
1022256341000018349801110533315798292                         00000000000000 00000000000000000000    00000010147836027-I31122200000000207250330679901N141122000000000000000000000000000000000000000000000000000000000000000296399689000148EMILY E IAN CASA NOTURNA ME             RUA MARIA PEREZ, 850                    VILA SONIA  11722030PRAIA GRANDE   SP                               I74      00 000000
1022256341000018349801110533315798292                         00000000000000 00000000000000000000    00000010154439029-G09122200000003864970330679901N111122000000000000001390000000000000000000000000000000000000000614630196792709395   PATRICIA MARIANE DA MATA                AVENIDA BRUNO JUAREZ, 926               DO BOM REMED68180658ITAITUBA       PA                               I74      00 000000
1022256341000018349801110533315798292                         00000000000000 00000000000000000000    00000010460099849-O20122200000001114450330679901N051122000000000000000000000000000000000000000000000000000000000326640235435312000102CARLA E ANDREIA ENTREGAS EXPRESSAS LTDA RUA SIRANUCH VARTANIAN, 274             JAGUARIBE   06050180OSASCO         SP                               I74      00 000000
1022256341000018349801110533315798292                         00000000000000 00000000000000000000    00000010172322780-I24122200000000403730330679901N211122000000000000002040000000000000000000000000000000000000000000000276274739000153JAQUELINE E CAUE MARCENARIA ME          AVENIDA LUIZ DOMPIERI, 755              PARQUE SAO J14405173FRANCA         SP                               I74      00 000000
1022256341000018349801110533315798292                         00000000000000 00000000000000000000    00000010160725288-Z05122200000009934510330679901N131122000000000000000000000000000000000000000000000000000000000000000108562150746   LUAN BERNARDO DUARTE                    RUA DA COMPREENSAO, 212                 PASSARINHO  52165440RECIFE         PE                               I74      00 000000
9000011000000276592900000000000000000000000000000000000000000000000000000000000000000000000000000000000000000000000000000000000000000000000000000000000000000000000000000000000000000000000000000000000000000000000000000000000000000000000000000000000000000000000000000000000000000000000000000000000000000000000000000000000000000000000000000000000000000000000000000000000000000000000000000000000000000011
