01REMESSA01COBRANCA       49801110533315798292Marli e Benjamin Advocacia ME 033SANTANDER      2411220000000000000000                                                                                                                                                                                                                                                                                   000000647
1022256341000018349801110533315798292                         00000000000000 00000000000000000000    00000010159723666-D14122200000001793710330679901N021122000000000000000000000000000000000000000000000000000000000563510234452404000138Antonio e Vera Informática ME           Rua Araçatuba, 282                      Engenheiro T16087027Araçatuba      SP                               I74      00 000000
1022256341000018349801110533315798292                         00000000000000 00000000000000000000    00000010226063121-K12122200000009125630330679901N231122000000000000000000000000000000000000000000000000000000000000000225844688000117Maria e Elisa Publicidade e Propaganda MPraça das Mães, 556                     Jardim Calif14026189Ribeirão Preto SP                               I74      00 000000
1022256341000018349801110533315798292                         00000000000000 00000000000000000000    00000010178140767-M29122200000000618040330679901N101122000000000000003700000000000000000000000000000000000000000000000180939126907   Manuel Vicente Martin Mendes            Rua Bom Jesus, 126                      Jerusalém   69553015Tefé           AM                               I74      00 000000
1022256341000018349801110533315798292                         00000000000000 00000000000000000000    00000010677034367-D07122200000000597000330679901N011122000000000000000000000000000000000000000000000000000000000000000202268881000151Thomas e Jaqueline Financeira Ltda      Rua Achilles Fornazari Filho            Jardim Costa11500460Cubatão        SP                               I74      00 000000
1022256341000018349801110533315798292                         00000000000000 00000000000000000000    00000010147836027-I31122200000000207250330679901N141122000000000000000000000000000000000000000000000000000000000000000296399689000148Emily e Ian Casa Noturna ME             Rua Maria Perez, 850                    Vila Sônia  11722030Praia Grande   SP                               I74      00 000000
1022256341000018349801110533315798292                         00000000000000 00000000000000000000    00000010154439029-G09122200000003864970330679901N111122000000000000001390000000000000000000000000000000000000000614630196792709395   Patrícia Mariane da Mata                Avenida Bruno Juarez, 926               Do Bom Reméd68180658Itaituba       PA                               I74      00 000000
1022256341000018349801110533315798292                         00000000000000 00000000000000000000    00000010460099849-O20122200000001114450330679901N051122000000000000000000000000000000000000000000000000000000000326640235435312000102Carla e Andreia Entregas Expressas Ltda Rua Siranuch Vartanian, 274             Jaguaribe   06050180Osasco         SP                               I74      00 000000
1022256341000018349801110533315798292                         00000000000000 00000000000000000000    00000010172322780-I24122200000000403730330679901N211122000000000000002040000000000000000000000000000000000000000000000276274739000153Jaqueline e Cauê Marcenaria ME          Avenida Luiz Dompieri, 755              Parque São J14405173Franca         SP                               I74      00 000000
1022256341000018349801110533315798292                         00000000000000 00000000000000000000    00000010160725288-Z05122200000009934510330679901N131122000000000000000000000000000000000000000000000000000000000000000108562150746   Luan Bernardo Duarte                    Rua da Compreensão, 212                 Passarinho  52165440Recife         PE                               I74      00 000000
9000011000000276592900000000000000000000000000000000000000000000000000000000000000000000000000000000000000000000000000000000000000000000000000000000000000000000000000000000000000000000000000000000000000000000000000000000000000000000000000000000000000000000000000000000000000000000000000000000000000000000000000000000000000000000000000000000000000000000000000000000000000000000000000000000000000000011
