00100000         222563410000183000ACIR4Y0014       0067990000027267110 MARLI E BENJAMIN ADVOCACIA ME BANCO DO BRASIL                         22411202218103500064703000000BXP5GZOZME                                                           
00100011T0100020 2022563410000183000ACIR4Y0014       0067990000027267110 MARLI E BENJAMIN ADVOCACIA ME                                                                                 000000002411202200000000  000000000                      
0010001300001T 060067990000027267110 OCRJN6Z90W          159723666-D     1412202200000000017937110460689 59723666-D               0900000000000000000000000000000000000000000000000000000   0000000000000000000000042          11019ACIR4Y      
0010001300002U 060000000000000000000000000000000000000000000000000000000000000000000001793710000000009359380000000000563510000000000000003112202211122022            000000000000000                              000                           
0010001300003T 460067990000027267110 FHRYKGOGNE          426063121-K     1212202200000000091256323765630 26063121-K               0900000000000000000000000000000000000000000000000000000   0000000000000000000000392          51019ACIR4Y      
0010001300004U 460000000000000000000000000000000000000000000000000000000000000000000000000000000000008120180000000000000000000000000000002312202217122022            000000000000000                              000                           
0010001300005T 380067990000027267110 0N7P6L0RPL          178140767-M     291220220000000000618042379750  78140767-M               0900000000000000000000000000000000000000000000000000000   0000000000000000000000000          11019ACIR4Y      
0010001300006U 380000000000003700000000000000000000000000000000000000000000000000000000000000000000003744480000000000000000000000000000003112202202122022            000000000000000                              000                           
0010001300007T 300067990000027267110 YWGX6F6GR4          177034367-D     0712202200000000005970000185853 77034367-D               0900000000000000000000000000000000000000000000000000000   00000000000000000000000006386      11019ACIR4Y      
0010001300008U 300000000000000000000000000000000000000000000000000000000000000000000000000000000000006992670000000000000000000000000000000712202206122022            000000000000000                              000                           
0010001300009T 060067990000027267110 F4Y7FTO7XG          247836027-I     3112202200000000002072570719562 47836027-I               0900000000000000000000000000000000000000000000000000000   0000000000000000000000000          31019ACIR4Y      
0010001300010U 060000000000000000000000000000000000000000000000000000000000000000000000207250000000008647610000000000000000000000000000003112202227122022            000000000000000                              000                           
0010001300011T 020067990000027267110 7I893SJD0L          154439029-G     0912202200000000038649770794031 54439029-G               0900000000000000000000000000000000000000000000000000000   0000000000000000000000886          11019ACIR4Y1     
0010001300012U 020000000000001390000000000000000000000000000000000000000038720000000000000000000000005194960000000000614630000000000000002312202222122022            000000000000000                              000                           
0010001300013T 620067990000027267110 YXXC405QAU          460099849-O     2012202200000000011144523766534 60099849-O               0900000000000000000000000000000000000000000000000000000   0000000000000000000000000          51019ACIR4Y      
0010001300014U 620000000000000000000000000000000000000000000000000000000034890000000000000000000000001738550000000000326640000000000000000912202213122022            000000000000000                              000                           
0010001300015T 260067990000027267110 D08Z5HEIP3          272322780-I     2412202200000000004037334199620 72322780-I               0900000000000000000000000000000000000000000000000000000   00000000000000000000000003000      31019ACIR4Y      
0010001300016U 260000000000002040000000000000000000000000000000000000000000000000000000000000000000005188550000000000000000000000000000000912202203122022            000000000000000                              000                           
0010001300017T 670067990000027267110 Q16ZUBN3NP          260725288-Z     0512202200000000099345110058596 60725288-Z               0900000000000000000000000000000000000000000000000000000   0000000000000000000000000          31019ACIR4Y      
0010001300018U 670000000000000000000000000000000000000000000000000000000000000000000000000000000000000365920000000000000000000000000000001912202210122022            000000000000000                              000                           
00100015         000020009517000000006496278320000000000000000000000000496200000000000000000000000000000008232306770000000000000000000000000000000                                                                                              
00199999         000001000022000000                                                                                                                                                            00000000000000000000000000000                    
