02RETORNO01COBRANCA       49801110533315798292MARLI E BENJAMIN ADVOCACIA ME 237BRADESCO       2411220160000000647                                                                                                                                                                                                                                                                          271222         000001
102225634100001830000009067992726711059723666-D               00000000OCRJN6Z90W  000000000000000000000000090631122259723666-D0000000000OCRJN6Z90W141222000000017937110460689  000000000004200000000000000000000000000000000000000000000000563510000000000000000000093593800000000000000000000000000   111222                   00000000                                                                  000002
102225634100001830000028067992726711026063121-K               00000000FHRYKGOGNE  000000000000000000000000004623122226063121-K0000000000FHRYKGOGNE121222000000091256323765630  000000000039200000000000000000000000000000000000000000000000000000000000000000000000081201800000000000000000000000000   171222                   00000000                                                                  000003
102225634100001830000009067992726711078140767-M               000000000N7P6L0RPL  000000000000000000000000093831122278140767-M00000000000N7P6L0RPL291222000000006180423709750  000000000000000000000000000000000000000000000000000000000000000000000000000000000000037444800000000003700000000000000   021222                   00000000                                                                  000004
102225634100001830000009067992726711077034367-D               00000000YWGX6F6GR4  000000000000000000000000093007122277034367-D0000000000YWGX6F6GR4071222000000005970000185853  000000000000000000000000000000000000000000000000000000000000000000000000000000000000069926700000000000000000000000000   061222             6386  00000000                                                                  000005
102225634100001830000028067992726711047836027-I               00000000F4Y7FTO7XG  000000000000000000000000000631122247836027-I0000000000F4Y7FTO7XG311222000000002072570719562  000000000000000000000000000000000000000000000000000000000000000000000000000000000000086476100000000000000000000000000   271222                   00000000                                                                  000006
102225634100001830000009067992726711054439029-G               000000007I893SJD0L  000000000000000000000000090223122254439029-G00000000007I893SJD0L091222000000038649770794031  000000000088600000000000000000000000000000000000387200000000614630000000000000000000051949600000000001390000000000000   221222                   00000000                                                                  000007
102225634100001830000028067992726711060099849-O               00000000YXXC405QAU  000000000000000000000000006209122260099849-O0000000000YXXC405QAU201222000000011144523766534  000000000000000000000000000000000000000000000000348900000000326640000000000000000000017385500000000000000000000000000   131222                   00000000                                                                  000008
102225634100001830000028067992726711072322780-I               00000000D08Z5HEIP3  000000000000000000000000002609122272322780-I0000000000D08Z5HEIP3241222000000004037334199620  000000000000000000000000000000000000000000000000000000000000000000000000000000000000051885500000000002040000000000000   031222             3000  00000000                                                                  000009
102225634100001830000028067992726711060725288-Z               00000000Q16ZUBN3NP  000000000000000000000000006719122260725288-Z0000000000Q16ZUBN3NP051222000000099345110058596  000000000000000000000000000000000000000000000000000000000000000000000000000000000000003659200000000000000000000000000   101222                   00000000                                                                  000010
9201237          0000951700000649627832ACIR4Y            00001000000386497000001800699000020000002000960000000000000000000000000000000000000000000000000000000000000000000000000000000000000                                                                                                                                                                              00000000000000000000000         000011
