02RETORNO01COBRANCA       6799272671          MARLI E BENJAMIN ADVOCACIA ME 104C ECON FEDERAL 241122                                                                                                                                                                                                                                                                                                 00647000001
10222563410000183679927267110  59723666-D               11OCRJN6Z90W                                      010631122259723666-D                    141222000000017937110460689010000000000042      111222              0000000000000000000005635100000000000000000000935938000000000000000000000000001111222                                                                                               000002
10222563410000183679927267110  26063121-K               11FHRYKGOGNE                                      014623122226063121-K                    121222000000091256323765630010000000000392      171222              0000000000000000000000000000000000000000000000812018000000000000000000000000001171222                                                                                               000003
10222563410000183679927267110  78140767-M               110N7P6L0RPL                                      013831122278140767-M                    2912220000000061804237097500100000000000006400LM021222              0000000000000000000000000000000000000000000000374448000000000037000000000000001021222                                                                                               000004
10222563410000183679927267110  77034367-D               11YWGX6F6GR4                                      013007122277034367-D                    071222000000005970000185853010000000000000      061222              0000000000000000000000000000000000000000000000699267000000000000000000000000001061222                                                                                               000005
10222563410000183679927267110  47836027-I               11F4Y7FTO7XG                                      010631122247836027-I                    311222000000002072570719562010000000000000      271222              0000000000000000000000000000000000000000000000864761000000000000000000000000001271222                                                                                               000006
10222563410000183679927267110  54439029-G               117I893SJD0L                                      010223122254439029-G                    091222000000038649770794031010000000000886      221222              0000000003872000000006146300000000000000000000519496000000000013900000000000001221222                                                                                               000007
10222563410000183679927267110  60099849-O               11YXXC405QAU                                      016209122260099849-O                    201222000000011144523766534010000000000000      131222              0000000003489000000003266400000000000000000000173855000000000000000000000000001131222                                                                                               000008
10222563410000183679927267110  72322780-I               11D08Z5HEIP3                                      012609122272322780-I                    241222000000004037334199620010000000000000XFFU26031222              0000000000000000000000000000000000000000000000518855000000000020400000000000001031222                                                                                               000009
10222563410000183679927267110  60725288-Z               11Q16ZUBN3NP                                      016719122260725288-Z                    051222000000099345110058596010000000000000NUCQA3101222              0000000000000000000000000000000000000000000000036592000000000000000000000000001101222                                                                                               000010
9201104                                                                                                                                                                                                                                                                                                                                                                                                   000011
