02RETORNO01COBRANCA       49801110533315798292MARLI E BENJAMIN ADVOCACIA ME 707BANCO DAYCOVAL 24112201600BPI00647                                                                                                                                                                                                                                                                                         000001
1022256341000018349801110533315798292                         OCRJN6Z90W                                   10631122259723666-D                    141222000000017937110460689010000000000042                          000000000000000000000563510000000000000000000093593800000000000000000000000000                                                                                    1        111222000000002
1022256341000018349801110533315798292                         FHRYKGOGNE                                   44623122226063121-K                    121222000000091256323765630010000000000392                          000000000000000000000000000000000000000000000081201800000000000000000000000000                                                                                    1        171222000000003
1022256341000018349801110533315798292                         0N7P6L0RPL                                   13831122278140767-M                    291222000000006180423709750010000000000000                          000000000000000000000000000000000000000000000037444800000000003700000000000000                                                                                    1        021222000000004
1022256341000018349801110533315798292                         YWGX6F6GR4                                   13007122277034367-D                    071222000000005970000185853010000000000000                          000000000000000000000000000000000000000000000069926700000000000000000000000000                                                                                    16386    061222000000005
1022256341000018349801110533315798292                         F4Y7FTO7XG                                   20631122247836027-I                    311222000000002072570719562010000000000000                          000000000000000000000000000000000000000000000086476100000000000000000000000000                                                                                    1        271222000000006
1022256341000018349801110533315798292                         7I893SJD0L                                   10223122254439029-G                    091222000000038649770794031010000000000886                          000000000387200000000614630000000000000000000051949600000000001390000000000000                                                                                    1        221222000000007
1022256341000018349801110533315798292                         YXXC405QAU                                   46209122260099849-O                    201222000000011144523766534010000000000000                          000000000348900000000326640000000000000000000017385500000000000000000000000000                                                                                    1        131222000000008
1022256341000018349801110533315798292                         D08Z5HEIP3                                   22609122272322780-I                    241222000000004037334199620010000000000000                          000000000000000000000000000000000000000000000051885500000000002040000000000000                                                                                    13000    031222000000009
1022256341000018349801110533315798292                         Q16ZUBN3NP                                   26719122260725288-Z                    051222000000099345110058596010000000000000                          000000000000000000000000000000000000000000000003659200000000000000000000000000                                                                                    1        101222000000010
920170700000000000000000000000000000000000000000000000000000000000000000000000000000000000000000000000000                                                                                                                                                                                                                                                                                                 000011
