02RETORNO04EMPRESTIMO     679900272671        MARLI E BENJAMIN ADVOCACIA ME 341BANCO ITAU S.A.241122        00647271222                                                                                                                                                                                                                                                                                   000001
10222563410000183679900272671 0015000                         OCRJN6Z9            112OCRJN6Z90             R0631122259723666-DOCRJN6Z9            14122200000001793711046068901000000000004200000000000000000000000000000000000000000000000563510000000000000000000093593800000000000000000000756567   111222    0000000000000000000ANTONIO E VERA INFORMATICA ME                                         000002
10222563410000183679900272671 0015000                         FHRYKGOG            112FHRYKGOGN             R4623122226063121-KFHRYKGOG            12122200000009125632376563001000000000039200000000000000000000000000000000000000000000000000000000000000000000000081201800000000000000000000100545   171222    0000000000000000000MARIA E ELISA PUBLICIDADE E PR                                        000003
10222563410000183679900272671 0015000                         0N7P6L0R            1120N7P6L0RP             R3831122278140767-M0N7P6L0R            29122200000000618042370975001000000000000000000000000000000000000000000000000000000000000000000000000000000000000037444800000000003700000000000000   021222    0000000000000000000MANUEL VICENTE MARTIN MENDES                         6400LM           000004
10222563410000183679900272671 0015000                         YWGX6F6G            112YWGX6F6GR             R3007122277034367-DYWGX6F6G            07122200000000597000018585301000000000000000000000000000000000000000000000000000000000000000000000000000000000000069926700000000000000000000639567   06122263860000000000000000000THOMAS E JAQUELINE FINANCEIRA                                         000005
10222563410000183679900272671 0015000                         F4Y7FTO7            112F4Y7FTO7X             R0631122247836027-IF4Y7FTO7            31122200000000207257071956201000000000000000000000000000000000000000000000000000000000000000000000000000000000000086476100000000000000000000844036   271222    0000000000000000000EMILY E IAN CASA NOTURNA ME                                           000006
10222563410000183679900272671 0015000                         7I893SJD            1127I893SJD00000000000139R0223122254439029-G7I893SJD            09122200000003864977079403101000000000088600000000000000000000519496000000000387200000000614630000000000000000000000000000000000000000000000000000   221222    0000000000000000000PATRICIA MARIANE DA MATA                                              000007
10222563410000183679900272671 0015000                         YXXC405Q            112YXXC405QA             R6209122260099849-OYXXC405Q            20122200000001114452376653401000000000000000000000000000000000000000000000000348900000000326640000000000000000000017385500000000000000000000062410   131222    0000000000000000000CARLA E ANDREIA ENTREGAS EXPRE                                        000008
10222563410000183679900272671 0015000                         D08Z5HEI            112D08Z5HEIP             R2609122272322780-ID08Z5HEI            24122200000000403733419962001000000000000000000000000000000000000000000000000000000000000000000000000000000000000051885500000000002040000000000000   03122230000000000000000000000JAQUELINE E CAUE MARCENARIA ME                       XFFU26           000009
10222563410000183679900272671 0015000                         Q16ZUBN3            112Q16ZUBN3N             R6719122260725288-ZQ16ZUBN3            05122200000009934511005859601000000000000000000000000000000000000000000000000000000000000000000000000000000000000003659200000000000000000000956859   101222    0000000000000000000LUAN BERNARDO DUARTE                                 NUCQA3           000010
9204341          0000951700000649627832ACIR4Y            0000496200000823230677BXP5GZOZ                                                  000000000000000000000000000000          0000674700000840266233N9H9YN84000000000000900000002765929                                                                                                                                                                000011
