02RETORNO01COBRANCA       49801110533315798292MARLI E BENJAMIN ADVOCACIA ME 033SANTANDER      24112200000000002726711                                                                                                                                                                                                                                                                                  647000001
1022256341000018349801110533315798292                         OCRJN6Z9                                     20631122259723666-DOCRJN6Z9            14122200000001793711046068901000000000004200000000000000000000000000000000000000000000000563510000000000000000000093593800000000000000000000000000 N 111222ANTONIO E VERA INFORMATICA ME        00000000000000000000000000000000000935896C           647000002
1022256341000018349801110533315798292                         FHRYKGOG                                     74623122226063121-KFHRYKGOG            12122200000009125632376563001000000000039200000000000000000000000000000000000000000000000000000000000000000000000081201800000000000000000000000000 N 171222MARIA E ELISA PUBLICIDADE E PROPAGAN 00000000000000000000000000000000000811626C           647000003
1022256341000018349801110533315798292                         0N7P6L0R                                     23831122278140767-M0N7P6L0R            29122200000000618042370975001000000000000000000000000000000000000000000000000000000000000000000000000000000000000037444800000000003700000000000000 N 021222MANUEL VICENTE MARTIN MENDES         00000000000000000000000000000000000374448C           647000004
1022256341000018349801110533315798292                         YWGX6F6G                                     23007122277034367-DYWGX6F6G6386        07122200000000597000018585301000000000000000000000000000000000000000000000000000000000000000000000000000000000000069926700000000000000000000000000 N 061222THOMAS E JAQUELINE FINANCEIRA LTDA   00000000000000000000000000000000000699267C           647000005
1022256341000018349801110533315798292                         F4Y7FTO7                                     30631122247836027-IF4Y7FTO7            31122200000000207257071956201000000000000000000000000000000000000000000000000000000000000000000000000000000000000086476100000000000000000000000000 N 271222EMILY E IAN CASA NOTURNA ME          00000000000000000000000000000000000864761C           647000006
1022256341000018349801110533315798292                         7I893SJD                                     20223122254439029-G7I893SJD            09122200000003864977079403101000000000088600000000000000000000000000000000000000000000000614630000000000000000000051949600000000001390000000003872 N 221222PATRICIA MARIANE DA MATA             00000000000000000000000000000000000518610C           647000007
1022256341000018349801110533315798292                         YXXC405Q                                     76209122260099849-OYXXC405Q            20122200000001114452376653401000000000000000000000000000000000000000000000000000000000000326640000000000000000000017385500000000000000000000003489 N 131222CARLA E ANDREIA ENTREGAS EXPRESSAS L 00000000000000000000000000000000000173855C           647000008
1022256341000018349801110533315798292                         D08Z5HEI                                     32609122272322780-ID08Z5HEI3000        24122200000000403733419962001000000000000000000000000000000000000000000000000000000000000000000000000000000000000051885500000000002040000000000000 N 031222JAQUELINE E CAUE MARCENARIA ME       00000000000000000000000000000000000518855C           647000009
1022256341000018349801110533315798292                         Q16ZUBN3                                     36719122260725288-ZQ16ZUBN3            05122200000009934511005859601000000000000000000000000000000000000000000000000000000000000000000000000000000000000003659200000000000000000000000000 N 101222LUAN BERNARDO DUARTE                 00000000000000000000000000000000000036592C           647000010
9201033          0000951700000649627832ACIR4Y                                                    0000496200000823230677BXP5GZOZ          0000674700000840266233N9H9YN84                                                                                                                                                                                                                                647000011
