23700000         2225634100001834980111053331579829200679900000272671109MARLI E BENJAMIN ADVOCACIA ME BRADESCO                                22411202218103500064705000000                                                                     
23700011E0440050 2225634100001834980111053331579829200679900000272671109MARLI E BENJAMIN ADVOCACIA ME                                         23112022000000000093241081CFBRL00647                                                              
2370001300001EO  2225634100001834980111053331579829200679900000272671109MARLI E BENJAMIN ADVOCACIA ME       DPV0110460689000000000000S3112202214122022000000000000179371C2080006ANTONIO E VERA INFORMATICOCRJN6Z                                
2370001300002EO  2225634100001834980111053331579829200679900000272671109MARLI E BENJAMIN ADVOCACIA ME       SCR0123765630000000000000S2312202212122022000000000000912563C2130046MARIA E ELISA PUBLICIDADEFHRYKGO                                
2370001300003EO  2225634100001834980111053331579829200679900000272671109MARLI E BENJAMIN ADVOCACIA ME       SSR0123709750000000000000S3112202229122022000000000000-61804D1180038MANUEL VICENTE MARTIN MEN0N7P6L0                                
2370001300004EO  2225634100001834980111053331579829200679900000272671109MARLI E BENJAMIN ADVOCACIA ME       CDS0100185853000000000000S0712202207122022000000000000-59700D1150030THOMAS E JAQUELINE FINANCYWGX6F6                                
2370001300005EO  2225634100001834980111053331579829200679900000272671109MARLI E BENJAMIN ADVOCACIA ME       DPV0170719562000000000000S3112202231122022000000000000-20725D1240006EMILY E IAN CASA NOTURNA F4Y7FTO                                
2370001300006EO  2225634100001834980111053331579829200679900000272671109MARLI E BENJAMIN ADVOCACIA ME       SCR0170794031000000000000S231220220912202200000000000-386497D1210002PATRICIA MARIANE DA MATA 7I893SJ                                
2370001300007EO  2225634100001834980111053331579829200679900000272671109MARLI E BENJAMIN ADVOCACIA ME       SSR0123766534000000000000S091220222012202200000000000-111445D1070062CARLA E ANDREIA ENTREGAS YXXC405                                
2370001300008EO  2225634100001834980111053331579829200679900000272671109MARLI E BENJAMIN ADVOCACIA ME       CDS0134199620000000000000S0912202224122022000000000000040373C2090026JAQUELINE E CAUE MARCENARD08Z5HE                                
2370001300009EO  2225634100001834980111053331579829200679900000272671109MARLI E BENJAMIN ADVOCACIA ME       DPV0110058596000000000000S191220220512202200000000000-993451D1210067LUAN BERNARDO DUARTE     Q16ZUBN                                
23700015         2225634100001834980111053331579829200679900000272671109                00000000005448514200000000006857962200000000000722971124112022000000000021136549CP0000110000000000016336220000000000011323070000000000000000000000000000
23799999         000001000013000001                                                                                                                                                                                                             
