10400000         2225634100001834980111053331579829200679900000272671109MARLI E BENJAMIN ADVOCACIA ME CAIXA                                   22411202218103500064708906250                                                                     
10400011E0440089 2225634100001834980111053331579829200679900000272671109MARLI E BENJAMIN ADVOCACIA ME                                         23112022000000000093241081CFBRL00647                                                              
1040001300001E   2225634100001834980111053331579829200679900000272671109MARLI E BENJAMIN ADVOCACIA ME       DPV00                    S3112202214122022000000000000179371C2086   ANTONIO E VERA INFORMATICOCRJN6Z                                
1040001300002E   2225634100001834980111053331579829200679900000272671109MARLI E BENJAMIN ADVOCACIA ME       SCR00                    S2312202212122022000000000000912563C21346  MARIA E ELISA PUBLICIDADEFHRYKGO                                
1040001300003E   2225634100001834980111053331579829200679900000272671109MARLI E BENJAMIN ADVOCACIA ME       SSR00                    S3112202229122022000000000000-61804D11838  MANUEL VICENTE MARTIN MEN0N7P6L0                                
1040001300004E   2225634100001834980111053331579829200679900000272671109MARLI E BENJAMIN ADVOCACIA ME       CDS00                    S0712202207122022000000000000-59700D11530  THOMAS E JAQUELINE FINANCYWGX6F6                                
1040001300005E   2225634100001834980111053331579829200679900000272671109MARLI E BENJAMIN ADVOCACIA ME       DPV00                    S3112202231122022000000000000-20725D1246   EMILY E IAN CASA NOTURNA F4Y7FTO                                
1040001300006E   2225634100001834980111053331579829200679900000272671109MARLI E BENJAMIN ADVOCACIA ME       SCR00                    S231220220912202200000000000-386497D1212   PATRICIA MARIANE DA MATA 7I893SJ                                
1040001300007E   2225634100001834980111053331579829200679900000272671109MARLI E BENJAMIN ADVOCACIA ME       SSR00                    S091220222012202200000000000-111445D10762  CARLA E ANDREIA ENTREGAS YXXC405                                
1040001300008E   2225634100001834980111053331579829200679900000272671109MARLI E BENJAMIN ADVOCACIA ME       CDS00                    S0912202224122022000000000000040373C20926  JAQUELINE E CAUE MARCENARD08Z5HE                                
1040001300009E   2225634100001834980111053331579829200679900000272671109MARLI E BENJAMIN ADVOCACIA ME       DPV00                    S191220220512202200000000000-993451D12167  LUAN BERNARDO DUARTE     Q16ZUBN                                
10400015         2225634100001834980111053331579829200679900000272671109                00000000005448514200000000006857962200000000000722971124112022000000000021136549CP000011000000000001633622000000000001132307                            
10499999         000001000013000001                                                                                                                                                                                                             
