34100000         222563410000183               49801006799000027267110 9MARLI E BENJAMIN ADVOCACIA ME BANCO ITAU S/A                          22411202218103500064705000000                                                                     
34100011E0440050 222563410000183               49801006799000027267110 9MARLI E BENJAMIN ADVOCACIA ME                                         23112022000000000093241081CFBRL00647                                                              
3410001300001E1  222563410000183000000         49801006799000027267110 9MARLI E BENJAMIN ADVOCACIA ME       DPV0110460689            S        14122022000000000000179371C2080006ANTONIO E VERA INFORMATIC                                 OCRJN6
3410001300002E5  222563410000183000000         49801006799000027267110 9MARLI E BENJAMIN ADVOCACIA ME       SCR0123765630            S        12122022000000000000912563C2130046MARIA E ELISA PUBLICIDADE                                 FHRYKG
3410001300003E2  222563410000183000000         49801006799000027267110 9MARLI E BENJAMIN ADVOCACIA ME       SSR  2379750 218177      S        29122022000000000000061804D1180038MANUEL VICENTE MARTIN MEN                                 0N7P6L
3410001300004E1  222563410000183000000         49801006799000027267110 9MARLI E BENJAMIN ADVOCACIA ME       CDS0100185853            S        07122022000000000000059700D1150030THOMAS E JAQUELINE FINANC                                 YWGX6F
3410001300005E1  222563410000183000000         49801006799000027267110 9MARLI E BENJAMIN ADVOCACIA ME       DPV0170719562            S        31122022000000000000020725D1240006EMILY E IAN CASA NOTURNA                                  F4Y7FT
3410001300006E5  222563410000183000000         49801006799000027267110 9MARLI E BENJAMIN ADVOCACIA ME       SCR0170794031            S        09122022000000000000386497D1210002PATRICIA MARIANE DA MATA                                  7I893S
3410001300007E2  222563410000183000000         49801006799000027267110 9MARLI E BENJAMIN ADVOCACIA ME       SSR  23766534708098      S        20122022000000000000111445D1070062CARLA E ANDREIA ENTREGAS                                  YXXC40
3410001300008E1  222563410000183000000         49801006799000027267110 9MARLI E BENJAMIN ADVOCACIA ME       CDS0134199620            S        24122022000000000000040373C2090026JAQUELINE E CAUE MARCENAR                                 D08Z5H
3410001300009E1  222563410000183000000         49801006799000027267110 9MARLI E BENJAMIN ADVOCACIA ME       DPV  1005859680149       S        05122022000000000000993451D1210067LUAN BERNARDO DUARTE                                      Q16ZUB
34100015         222563410000183               49801006799000027267110 9                00000000005448514200000000006857962200000000000722971124112022000000000021136549CP0000110000000000016336220000000000011323070000000000000000000000000000
34199999         000001000013000001                                                                                                                                                                                                             
