00100000         2225634100001834980111053331579829200679900000272671109MARLI E BENJAMIN ADVOCACIA ME BANCO DO BRASIL S/A                     124112022181035000647050                                                                          
00100011C3001031 2225634100001834980111053331579829200679900000272671109MARLI E BENJAMIN ADVOCACIA ME                                         PRACA DAS MAES                556                 RIBEIRAO PRETO      14026189SP        V.PAG10135
0010001300001A0000001040606890000081574263 ANTONIO E VERA INFORMATICA ME OCRJN6Z90W          14122022BRL000000000000000000000000179371                    00000000000000000000000                                                    0          
0010001300002B   234452404000138                                                                                               14122022000000000179371                                                                                          
0010001300003A0000002370656300000099396270 MARIA E ELISA PUBLICIDADE E PRFHRYKGOGNE          12122022BRL000000000000000000000000912563                    00000000000000000000000                                                    0          
0010001300004B   225844688000117                                                                                               12122022000000000912563                                                                                          
0010001300005A0000002370097500000000218177 MANUEL VICENTE MARTIN MENDES  0N7P6L0RPL          29122022BRL000000000000000000000000061804                    00000000000000000000000                                                    0          
0010001300006B   180939126907                                                                                                  29122022000000000061804                                                                                          
0010001300007A0000000010858530000047520900 THOMAS E JAQUELINE FINANCEIRA YWGX6F6GR4          07122022BRL000000000000000000000000059700                    00000000000000000000000                                                    0          
0010001300008B   202268881000151                                                                                               07122022000000000059700                                                                                          
0010001300009A0000007070195620000095579168 EMILY E IAN CASA NOTURNA ME   F4Y7FTO7XG          31122022BRL000000000000000000000000020725                    00000000000000000000000                                                    0          
0010001300010B   296399689000148                                                                                               31122022000000000020725                                                                                          
0010001300011A0000007070940310000066336343 PATRICIA MARIANE DA MATA      7I893SJD0L          09122022BRL000000000000000000000000386497                    00000000000000000000000                                                    0          
0010001300012B   1                                                                                                             09122022000000000386497                                                                                          
0010001300013A0000002370665340000000708098 CARLA E ANDREIA ENTREGAS EXPREYXXC405QAU          20122022BRL000000000000000000000000111445                    00000000000000000000000                                                    0          
0010001300014B   1                                                                                                             20122022000000000111445                                                                                          
0010001300015A0000003410996200000020149075 JAQUELINE E CAUE MARCENARIA MED08Z5HEIP3          24122022BRL000000000000000000000000040373                    00000000000000000000000                                                    0          
0010001300016B   1                                                                                                             24122022000000000040373                                                                                          
0010001300017A0000001000585960000000080149 LUAN BERNARDO DUARTE          Q16ZUBN3NP          05122022BRL000000000000000000000000993451                    00000000000000000000000                                                    0          
0010001300018B   1                                                                                                             05122022000000000993451                                                                                          
00100015         000020000000000002765929                                                                                                                                                                                                       
00199999         000001000022                                                                                                                                                                                                                   
