34100000      080222563410000183                    06799 000027267110 9MARLI E BENJAMIN ADVOCACIA ME BCO ITAU S/A                            12411202218103500000000000000SISPAGWITV2018                                                       
34100011C3001040 222563410000183                    06799 000027267110 9MARLI E BENJAMIN ADVOCACIA ME                                         PRACA DAS MAES                00556               RIBEIRAO PRETO      14026189SP                  
3410001300001A00000010460689 000081574263 6ANTONIO E VERA INFORMATICA ME OCRJN6Z90W          14122022009000000000000000000000000179371                    00000000000000000000000                    00000034452404000138            0          
3410001300002A00000023765630 000099396270 6MARIA E ELISA PUBLICIDADE E PRFHRYKGOGNE          12122022009000000000000000000000000912563                    00000000000000000000000                    00000025844688000117            0          
3410001300003A00000023709750 000000218177 8MANUEL VICENTE MARTIN MENDES  0N7P6L0RPL          29122022009000000000000000000000000061804                    00000000000000000000000                    00000080939126907               0          
3410001300004A00000000185853 000047520900 0THOMAS E JAQUELINE FINANCEIRA YWGX6F6GR4          07122022009000000000000000000000000059700                    00000000000000000000000                    00000002268881000151            0          
3410001300005A00000070719562 000095579168 6EMILY E IAN CASA NOTURNA ME   F4Y7FTO7XG          31122022009000000000000000000000000020725                    00000000000000000000000                    00000096399689000148            0          
3410001300006A00000070794031 000066336343 2PATRICIA MARIANE DA MATA      7I893SJD0L          09122022009000000000000000000000000386497                    00000000000000000000000                    000000                          0          
3410001300007A00000023766534 000000708098 2CARLA E ANDREIA ENTREGAS EXPREYXXC405QAU          20122022009000000000000000000000000111445                    00000000000000000000000                    000000                          0          
3410001300008A00000034199620 000020149075 6JAQUELINE E CAUE MARCENARIA MED08Z5HEIP3          24122022009000000000000000000000000040373                    00000000000000000000000                    000000                          0          
3410001300009A00000010058596 000000080149 7LUAN BERNARDO DUARTE          Q16ZUBN3NP          05122022009000000000000000000000000993451                    00000000000000000000000                    000000                          0          
34100015         000011000000000002765929000000000000000000                                                                                                                                                                                     
34199999         000001000013                                                                                                                                                                                                                   
