03300000         2225634100001834980111053331579829200679900000272671109MARLI E BENJAMIN ADVOCACIA ME BANCO SANTANDER                         12411202218103500064706000000                                                                     
03300011C3001031 2225634100001834980111053331579829200679900000272671109MARLI E BENJAMIN ADVOCACIA ME                                         PRACA DAS MAES                556                 RIBEIRAO PRETO      14026189SP                  
0330001300001A00000010406068900000815742636ANTONIO E VERA INFORMATICA ME OCRJN6Z90W          14122022BRL000000000000000000000000179371                    00000000000000000000000                                                               
0330001300002B   234452404000138                                                                                               14122022000000000000000000000000000000000000000000000000000000000000000000000000000                              
0330001300003A00000023706563000000993962706MARIA E ELISA PUBLICIDADE E PRFHRYKGOGNE          12122022BRL000000000000000000000000912563                    00000000000000000000000                                                               
0330001300004B   225844688000117                                                                                               12122022000000000000000000000000000000000000000000000000000000000000000000000000000                              
0330001300005A00000023700975000000002181778MANUEL VICENTE MARTIN MENDES  0N7P6L0RPL          29122022BRL000000000000000000000000061804                    00000000000000000000000                                                               
0330001300006B   180939126907                                                                                                  29122022000000000000000000000000000000000000000000000000000000000000000000000000000                              
0330001300007A00000000108585300000475209000THOMAS E JAQUELINE FINANCEIRA YWGX6F6GR4          07122022BRL000000000000000000000000059700                    00000000000000000000000                                                               
0330001300008B   202268881000151                                                                                               07122022000000000000000000000000000000000000000000000000000000000000000000000000000                              
0330001300009A00000070701956200000955791686EMILY E IAN CASA NOTURNA ME   F4Y7FTO7XG          31122022BRL000000000000000000000000020725                    00000000000000000000000                                                               
0330001300010B   296399689000148                                                                                               31122022000000000000000000000000000000000000000000000000000000000000000000000000000                              
0330001300011A00000070709403100000663363432PATRICIA MARIANE DA MATA      7I893SJD0L          09122022BRL000000000000000000000000386497                    00000000000000000000000                                                               
0330001300012B   1                                                                                                             09122022000000000000000000000000000000000000000000000000000000000000000000000000000                              
0330001300013A00000023706653400000007080982CARLA E ANDREIA ENTREGAS EXPREYXXC405QAU          20122022BRL000000000000000000000000111445                    00000000000000000000000                                                               
0330001300014B   1                                                                                                             20122022000000000000000000000000000000000000000000000000000000000000000000000000000                              
0330001300015A00000034109962000000201490756JAQUELINE E CAUE MARCENARIA MED08Z5HEIP3          24122022BRL000000000000000000000000040373                    00000000000000000000000                                                               
0330001300016B   1                                                                                                             24122022000000000000000000000000000000000000000000000000000000000000000000000000000                              
0330001300017A00000010005859600000000801497LUAN BERNARDO DUARTE          Q16ZUBN3NP          05122022BRL000000000000000000000000993451                    00000000000000000000000                                                               
0330001300018B   1                                                                                                             05122022000000000000000000000000000000000000000000000000000000000000000000000000000                              
03300015         000020000000000002765929                                                                                                                                                                                                       
03399999         000001000022                                                                                                                                                                                                                   
